@Manual{RCore,
    title = {R: A Language and Environment for Statistical Computing},
    author = {{R Core Team}},
    organization = {R Foundation for Statistical Computing},
    address = {Vienna, Austria},
    year = {2015},
    url = {http://www.R-project.org/},
  }

@Manual{RCurl,
    title = {RCurl: General network (HTTP/FTP/...) client interface for R},
    author = {Duncan Temple Lang},
    year = {2014},
    note = {R package version 1.95-4.5},
    url = {http://CRAN.R-project.org/package=RCurl},
}

@website{Veillard:2006,
  author = "Daniel Veillard",
  title = {libxml: The XML C parser and toolkit of Gnome parsing},
  year = {2006},
  url = {http://www.xmlsoft.org}
}

@BOOK{Chambers:1999,
  author = "John Chambers",
  title = "Programming with Data",
  publisher = "Springer Verlag",
  year = 1999
}
 
@website{janitor,
  author = "Steve Lohr",
  title = {For Big-Data Scientists, 'Janitor Work' Is Key Hurdle to Insights},
  howpublished = {\url{http://www.nytimes.com/2014/08/18/technology/for-big-data-scientists-hurdle-to-insights-is-janitor-work.html?_r=1}},
  note = {Accessed: 2015-05-15},
  year=2014
}

@website{web-task-view,
  title={CRAN Task View: Web Technologies and Services},
  author = "Scott Chamberlain, Thomas Leeper, Patrick Mair, Karthik Ram, Christopher Gandrud",
  howpublished = {\url{http://cran.r-project.org/web/views/WebTechnologies.html}},
  note = {Accessed: 2015-05-15}
}

@incollection{Wilhelm:2005,
  author      = "Adalbert Wilhelm",
  title       = "Interactive Statistical Graphics: The paradigm of Linked Views",
  editor      = "C.R. Rao and E.J. Wegman and J.L. Solka",
  booktitle   = "Data Mining and Data Visualization",
  publisher   = "Elseviewer",
  year        = 2005,
}


@BOOK{nolan-lang,
  author = "Deborah Nolan and Duncan Temple Lang",
  editor = "Robert Gentleman, Kurt Hornik, and Giovanni Parmigiani",
  title = "XML and Web Technologies for Data Sciences with R",
  publisher = "Springer",
  year = 2014
}

@incollection{viewing-pipeline,
  author      = "Andreas Buja, Daniel Asimov, Catherine Hurley and John A. McDonald",
  title       = "Elements of a Viewing Pipeline for Data Analysis",
  editor      = "William S. Cleveland and Marylyn E. McGill",
  booktitle   = "Dynamic Graphics for Statistics",
  publisher   = "Wadsworth, Inc.",
  address     = "Belmont, California",
  year        = 1988
}

@book{Wilkinson:2005,
 author = {Wilkinson, Leland},
 title = {The Grammar of Graphics (Statistics and Computing)},
 year = {2005},
 isbn = {0387245448},
 publisher = {Springer-Verlag New York, Inc.},
 address = {Secaucus, NJ, USA},
} 

@Article{tidy-data,
  author = {Hadley Wickham},
  journal = {The Journal of Statistical Software},
  title = {Tidy data},
  selected = {TRUE},
  year = {2014},
  volume = {59},
  issue = {10},
  url = {http://www.jstatsoft.org/v59/i10/}
}

@Article{Sievert:2014,
  author = {Carson Sievert},
  journal = {The {R} Journal},
  title = {Taming PITCHf/x Data with {pitchRx} and {XML2R}},
  year = {2014},
  volume = {6},
  issue = {1},
  url = {http://journal.r-project.org/archive/2014-1/sievert.pdf}
}

@incollection{Dillon:2013,
  author = "Stuart Dillon, Florian Stahl, Gottfried Vossen",
  title = "Towards the Web in Your Pocket: Curated Data as a Service",
  editor      = "Ngoc Thanh Nguyen, Bogdan Trawiński, Radosław Katarzyniak, Geun-Sik Jo",
  booktitle   = "Advanced Methods for Computational Collective Intelligence",
  publisher   = "Springer Berlin Heidelberg",
  year        = 2013
}

@article{data-tamer,
  author = {Stonebraker, Michael and Bruckner, Daniel and Ilyas, Ihab F and Beskales, George and Cherniack, Mitch and Zdonik, Stan and Pagan, Alexander and Xu, Shan},
  title = {{Data Curation at Scale: The Data Tamer System}},
  journal = {Conference on Innovative Data Systems Research},
  year = {2012},
  pages = {1--10},
  month = nov
}

@inproceedings{wrangler,
  title = {Wrangler: Interactive Visual Specification of Data Transformation Scripts},
  author = {Sean Kandel AND Andreas Paepcke AND Joseph Hellerstein AND Jeffrey Heer},
  booktitle = {ACM Human Factors in Computing Systems (CHI)},
  year = {2011},
  url = {http://vis.stanford.edu/papers/wrangler}
}

@article{potters-wheel,
  author = {Raman, Vijayshankar and Hellerstein, Joseph},
  title = {{Potter{\textquoteright}s Wheel: An Interactive Data Cleaning   System}},
  journal = {Proceedings of the th VLDB Conference},
  year = {2001},
  pages = {1--10},
  month = dec
}

@inproceedings{data-enthusiast,
 author = {Hanrahan, Pat},
 title = {Analytic Database Technologies for a New Kind of User: The Data Enthusiast},
 booktitle = {Proceedings of the 2012 ACM SIGMOD International Conference on Management of Data},
 series = {SIGMOD '12},
 year = {2012},
 url = {http://doi.acm.org/10.1145/2213836.2213902},
 doi = {10.1145/2213836.2213902},
 publisher = {ACM},
} 

@article{webtables,
  author = {Cafarella, Michael J and Halevy, Alon and Wang, Zhe Daisy and Wu, Eugene and Zhang, Yang},
  title = {{WebTables: Exploring the Power of Tables on the Web}},
  journal = {VLDB},
  year = {2008},
  pages = {1--12},
  month = mar
}

@article{Wang:2002,
  author = {Wang, Yalin and Hu, Jianying},
  title = {{A Machine Learning Based Approach for Table Detection on The Web}},
  journal = {WWW},
  year = {2002},
  pages = {1--9},
  month = may
}

@article{TEGRA,
  author = {Chu, Xu and He, Yeye and Chakrabarti, Kaushik and Ganjam, Kris},
  title = {{TEGRA: Table Extraction by Global Record Alignment}},
  journal = {SIGMOD},
  year = {2015},
  pages = {1--16},
  month = feb
}
