@Manual{RCore,
    title = {R: A Language and Environment for Statistical Computing},
    author = {{R Core Team}},
    organization = {R Foundation for Statistical Computing},
    address = {Vienna, Austria},
    year = {2015},
    url = {http://www.R-project.org/},
}

@Manual{RCurl,
    title = {RCurl: General network (HTTP/FTP/...) client interface for R},
    author = {Duncan Temple Lang},
    year = {2014},
    note = {R package version 1.95-4.5},
    url = {http://CRAN.R-project.org/package=RCurl},
}

@website{Veillard:2006,
  author = "Daniel Veillard",
  title = {libxml: The XML C parser and toolkit of Gnome parsing},
  year = {2006},
  url = {http://www.xmlsoft.org}
}

@BOOK{Chambers:1999,
  author = "John Chambers",
  title = "Programming with Data",
  publisher = "Springer Verlag",
  year = 1999
}

@BOOK{S:1984,
  author = " R. A. Becker, J. M. Chambers",
  title = "S: An Interactive Environment for Data Analysis and Graphics",
  publisher = "Wadsworth & Brooks/Cole",
  year = 1984
}
 
@website{janitor,
  author = "Steve Lohr",
  title = {For Big-Data Scientists, 'Janitor Work' Is Key Hurdle to Insights},
  howpublished = {\url{http://www.nytimes.com/2014/08/18/technology/for-big-data-scientists-hurdle-to-insights-is-janitor-work.html?_r=1}},
  note = {Accessed: 2015-05-15},
  year=2014
}

@website{web-task-view,
  title={CRAN Task View: Web Technologies and Services},
  year=2015,
  author = "Chamberlain, Scott and Leeper, Thomas and Mair, Patrick and Ram, Karthik and Gandrud, Christopher",
  howpublished = {\url{http://cran.r-project.org/web/views/WebTechnologies.html}},
  note = {Accessed: 2015-05-15}
}

@incollection{Wilhelm:2005,
  author      = "Adalbert Wilhelm",
  title       = "Interactive Statistical Graphics: The paradigm of Linked Views",
  editor      = "C.R. Rao and E.J. Wegman and J.L. Solka",
  booktitle   = "Data Mining and Data Visualization",
  publisher   = "Elseviewer",
  year        = 2005,
}


@BOOK{nolan-lang,
  author = "Deborah Nolan and Duncan Temple Lang",
  editor = "Robert Gentleman, Kurt Hornik, and Giovanni Parmigiani",
  title = "XML and Web Technologies for Data Sciences with R",
  publisher = "Springer",
  year = 2014
}

@incollection{viewing-pipeline,
  author      = "Andreas Buja, Daniel Asimov, Catherine Hurley and John A. McDonald",
  title       = "Elements of a Viewing Pipeline for Data Analysis",
  editor      = "William S. Cleveland and Marylyn E. McGill",
  booktitle   = "Dynamic Graphics for Statistics",
  publisher   = "Wadsworth, Inc.",
  address     = "Belmont, California",
  year        = 1988
}

@book{Wilkinson:2005,
 author = {Wilkinson, Leland},
 title = {The Grammar of Graphics (Statistics and Computing)},
 year = {2005},
 isbn = {0387245448},
 publisher = {Springer-Verlag New York, Inc.},
 address = {Secaucus, NJ, USA},
} 

@Article{tidy-data,
  author = {Hadley Wickham},
  journal = {The Journal of Statistical Software},
  title = {Tidy data},
  selected = {TRUE},
  year = {2014},
  volume = {59},
  issue = {10},
  url = {http://www.jstatsoft.org/v59/i10/}
}

@incollection{Dillon:2013,
  author = "Stuart Dillon, Florian Stahl, Gottfried Vossen",
  title = "Towards the Web in Your Pocket: Curated Data as a Service",
  editor      = "Ngoc Thanh Nguyen, Bogdan Trawiński, Radosław Katarzyniak, Geun-Sik Jo",
  booktitle   = "Advanced Methods for Computational Collective Intelligence",
  publisher   = "Springer Berlin Heidelberg",
  year        = 2013
}

@article{data-tamer,
  author = {Stonebraker, Michael and Bruckner, Daniel and Ilyas, Ihab F and Beskales, George and Cherniack, Mitch and Zdonik, Stan and Pagan, Alexander and Xu, Shan},
  title = {{Data Curation at Scale: The Data Tamer System}},
  journal = {Conference on Innovative Data Systems Research},
  year = {2012},
  pages = {1--10},
  month = nov
}

@BOOK{OpenRefine,
  author = {Ruben Verborgh and Max De Wilde},
  title = {Using OpenRefine},
  year = {2013},
  publisher = "PACKT Publishing",
  url = "https://www.packtpub.com/big-data-and-business-intelligence/using-openrefine",
}

@inproceedings{wrangler,
  title = {Wrangler: Interactive Visual Specification of Data Transformation Scripts},
  author = {Sean Kandel AND Andreas Paepcke AND Joseph Hellerstein AND Jeffrey Heer},
  booktitle = {ACM Human Factors in Computing Systems (CHI)},
  year = {2011},
  url = {http://vis.stanford.edu/papers/wrangler}
}

@article{potters-wheel,
  author = {Raman, Vijayshankar and Hellerstein, Joseph},
  title = {{Potter{\textquoteright}s Wheel: An Interactive Data Cleaning   System}},
  journal = {Proceedings of the th VLDB Conference},
  year = {2001},
  pages = {1--10},
  month = dec
}

@inproceedings{data-enthusiast,
 author = {Hanrahan, Pat},
 title = {Analytic Database Technologies for a New Kind of User: The Data Enthusiast},
 booktitle = {Proceedings of the 2012 ACM SIGMOD International Conference on Management of Data},
 series = {SIGMOD '12},
 year = {2012},
 url = {http://doi.acm.org/10.1145/2213836.2213902},
 doi = {10.1145/2213836.2213902},
 publisher = {ACM},
} 

@article{webtables,
  author = {Cafarella, Michael J and Halevy, Alon and Wang, Zhe Daisy and Wu, Eugene and Zhang, Yang},
  title = {{WebTables: Exploring the Power of Tables on the Web}},
  journal = {VLDB},
  year = {2008},
  pages = {1--12},
  month = mar
}

@article{Wang:2002,
  author = {Wang, Yalin and Hu, Jianying},
  title = {{A Machine Learning Based Approach for Table Detection on The Web}},
  journal = {WWW},
  year = {2002},
  pages = {1--9},
  month = may
}

@article{TEGRA,
  author = {Chu, Xu and He, Yeye and Chakrabarti, Kaushik and Ganjam, Kris},
  title = {{TEGRA: Table Extraction by Global Record Alignment}},
  journal = {SIGMOD},
  year = {2015},
  pages = {1--16},
  month = feb
}

@phdthesis{embedded-computing,
  author       = {Jereon Ooms}, 
  title        = {Embedded Scientific Computing: A Scalable, Interoperable and Reproducible Approach to Statistical Software for Data-Driven Business and Open Science},
  school       = {UCLA},
  year         = 2014,
  url      = {https://escholarship.org/uc/item/4q6105rw}
}

@article{p-values,
  author       = {Jeffrey T. Leek & Roger D. Peng},
  title        = {Statistics: P values are just the tip of the iceberg},
  year         = 2015,
  url = {http://www.nature.com/news/statistics-p-values-are-just-the-tip-of-the-iceberg-1.17412}
}

@article{Tenopir:2011fl,
  author = {Tenopir, Carol and Allard, Suzie and Douglass, Kimberly and Aydinoglu,   Arsev Umur and Wu, Lei and Read, Eleanor and Manoff, Maribeth and Frame, Mike},
  title = {{Data Sharing by Scientists: Practices and Perceptions}},
  journal = {PLoS ONE},
  year = {2011},
  volume = {6},
  number = {6},
  pages = {e21101--21},
  month = jun
}

@article{Pampel:2013bi,
  author = {Pampel, Heinz and Vierkant, Paul and Scholze, Frank and Bertelmann,   Roland and Kindling, Maxi and Klump, Jens and Goebelbecker, Hans-J{\~A} rgen and   Gundlach, Jens and Schirmbacher, Peter and Dierolf, Uwe},
  title = {{Making Research Data Repositories Visible: The re3data.org Registry}},
  journal = {PLoS ONE},
  year = {2013},
  volume = {8},
  number = {11},
  pages = {e78080--10},
  month = nov
}

@misc{Pampel:2013a,
  author = {Heinz Pampel},
  title = {How to find an appropriate research data repository?},
  journal = {PLOS},
  type = {Blog},
  number = {November 4},
  year = {2013},
  howpublished = {\url{http://blogs.plos.org/tech/how-to-find-an-appropriate-research-data-repository/}}
}

@article{Bostock:2011,
  title = {D3: Data-Driven Documents},
  author = {Michael Bostock AND Vadim Ogievetsky AND Jeffrey Heer},
  journal = {IEEE Trans. Visualization \& Comp. Graphics (Proc. InfoVis)},
  year = {2011},
  url = {http://vis.stanford.edu/papers/d3}
}

@Manual{gridSVG,
    title = {gridSVG: Export grid Graphics as SVG},
    author = {Paul Murrell and Simon Potter},
    year = {2015},
    note = {R package version 1.4-3},
    url = {http://CRAN.R-project.org/package=gridSVG},
}
  
@Manual{svgPanZoom,
    title = {svgPanZoom: R 'Htmlwidget' to Add Pan and Zoom to Almost any R Graphic},
    author = {Anders {Riutta et. al.} and Kent Russell},
    year = {2015},
    note = {R package version 0.2.0},
    url = {http://CRAN.R-project.org/package=svgPanZoom},
}

@Article{SVGAnnotation,
    title = {Interactive and Animated Scalable Vector Graphics and {R} Data Displays},
    author = {Deborah Nolan and Duncan Temple Lang},
    journal = {Journal of Statistical Software},
    year = {2012},
    volume = {46},
    number = {1},
    pages = {1--88},
    url = {http://www.jstatsoft.org/v46/i01/},
}

@book{ggobi:2007,
   title = "Interactive and dynamic graphics for data analysis : with {R} and GGobi",
   author = "Dianne Cook and Deborah F. Swayne",
   series = "Use R !",
   publisher = "Springer",
   address = "New York",
   url = "http://www.ggobi.org/book/",
   isbn = "978-0-387-71761-6",
   year = 2007
}

@article{model-vis-paper,
	Author = {Wickham, Hadley and Cook, Dianne and Hofmann, Heike},
	Journal = {Statistical Analysis and Data Mining: The ASA Data Science Journal},
	Number = {4},
	Pages = {203--225},
	Title = {Visualizing statistical models: Removing the blindfold},
	Volume = {8},
	Year = {2015}
}

@Article{Sievert:2014a,
  author = {Carson Sievert},
  journal = {The {R} Journal},
  title = {Taming PITCHf/x Data with {pitchRx} and {XML2R}},
  year = {2014},
  volume = {6},
  issue = {1},
  url = {http://journal.r-project.org/archive/2014-1/sievert.pdf}
}

@article{Sievert:2014b,
  author = {Sievert, Carson and Shirley, Kenneth E},
  title = {{LDAvis: A method for visualizing and interpreting topics}},
  journal = {Proceedings of the Workshop on Interactive Language Learning,   Visualization, and Interfaces},
  year = {2014},
  pages = {1--8},
  month = jun,
  url = {http://nlp.stanford.edu/events/illvi2014/papers/sievert-illvi2014.pdf}
}

@article{2014-latency,
 title = {The Effects of Interactive Latency on Exploratory Visual Analysis},
 author = {Zhicheng Liu AND Jeffrey Heer},
 journal = {IEEE Trans. Visualization \& Comp. Graphics (Proc. InfoVis)},
 year = {2014},
 url = {http://idl.cs.washington.edu/papers/latency},
}

@Article{lisp-stat,
  author = {Luke Tierney},
  journal = {The Journal of Statistical Software},
  title = {Some Notes on the Past and Future of Lisp-Stat},
  year = {2005},
  volume = {13},
  issue = {9},
  url = {http://www.jstatsoft.org/v13/a09/paper}
}

@Manual{animint,
   title = {animint: Interactive animations},
   author = {Toby Dylan Hocking and Susan VanderPlas and Carson Sievert},
   year = {2015},
   note = {R package version 2015.07.17},
 }
 
@Manual{ggvis,
    title = {ggvis: Interactive Grammar of Graphics},
    author = {Winston Chang and Hadley Wickham},
    year = {2015},
    note = {R package version 0.4.2},
    url = {http://CRAN.R-project.org/package=ggvis},
}

@Manual{cranvas,
   title = {Interactive statistical graphics based on Qt},
   author = {Yihui Xie, Heike Hofmann, Di Cook, Xiaoyue Cheng, Barret Schloerke, Marie Vendettuoli, Tengfei Yin, Hadley Wickham, Michael Lawrence},
   year = {2013},
   note = {R package version 0.8.5},
 }
 
@article{plumbing,
  author = {Wickham, Hadley and Lawrence, Michael and Cook, Dianne and Buja, Andreas and Hofmann, Heike and Swayne, Deborah F},
  title = {{The Plumbing of Interactive Graphics}},
  journal = {Computational Statistics},
  year = {2010},
  pages = {1--7},
  month = apr
}

@Manual{iPlots,
    title = {Acinonyx: iPlots eXtreme},
    author = {Simon Urbanek},
    note = {R package version 3.0-0},
    year = {2011},
    url = {http://www.rforge.net/Acinonyx/},
}

@Article{rggobi,
  author = {Hadley Wickham and Michael Lawrence and Duncan Temple Lang and Deborah F Swayne},
  journal = {R-news},
  keywords = {software/ggobi},
  month = {October},
  number = {2},
  pages = {3–7},
  title = {An introduction to rggobi},
  url = {http://CRAN.R-project.org/doc/Rnews/Rnews_2008-2.pdf},
  volume = {8},
  year = {2008},
}

@inproceedings{s-corba.98,
  author = "John M. Chambers and Mark H. Hansen and David A. James and Temple Lang, Duncan",
  title = "Distributed Computing with Data: A CORBA-based Approach",
  booktitle = "Computing Science and Statistics",
  year = 1998,
  organization = "Interface Foundation of North America",
}

@book{mondrianbook,
  author = "Martin Theus and Simon Urbanek",
  title = "Interactive Graphics for Data Analysis: Principles and Examples",
  publisher = "Chapman & Hall / CRC.",
  year = 2008,
}

@article{Ripley:2001,
  author = {Ripley, B D and Ripley, R M},
  title = {{Applications of R Clients and Servers}},
  journal = {Proceedings of the nd International Workshop on Distributed Statistic  al Computing},
  year = {2001},
  pages = {1--7},
  month = mar
}

@inproceedings{swartz,
  author = {Swartz, Aaron},
  title = {{Aaron Swartz's A Programmable Web: An Unfinished Work }},
  booktitle = {Synthesis Lectures on the Semantic Web Theory and Technology},
  year = {2013},
  editor = {Ding, Ying and Hendler, James},
  pages = {1--66},
  month = mar
}

@article{Herndon,
  author = {Thomas Herndon and Michael Ash and Robert Pollin}, 
  title = {Does high public debt consistently stifle economic growth? A critique of   Reinhart and Rogoff},
  volume = {38}, 
  number = {2}, 
  pages = {257-279}, 
  year = {2014}, 
  doi = {10.1093/cje/bet075}, 
  URL = {http://cje.oxfordjournals.org/content/38/2/257.abstract}, 
  eprint = {http://cje.oxfordjournals.org/content/38/2/257.full.pdf+html}, 
  journal = {Cambridge Journal of Economics} 
}

@article{Baggerly,
  author = {Baggerly, Keith A and Coombes, Kevin R},
  title = {{Deriving chemosensitivity from cell lines: Forensic bioinformatics and   reproducible research in high-throughput biology}},
  journal = {The Annals of Applied Statistics},
  year = {2009},
  volume = {3},
  number = {4},
  pages = {1309--1334},
  month = dec
}


@article{King:2007,
  author = {King, G},
  title = {{An Introduction to the Dataverse Network as an Infrastructure for Data   Sharing}},
  journal = {Sociological Methods {\&} Research},
  year = {2007},
  volume = {36},
  number = {2},
  pages = {173--199},
  month = nov
}

@Manual{DBI,
    title = {DBI: R Database Interface},
    author = {R Special Interest Group on Databases},
    year = {2014},
    note = {R package version 0.3.1},
    url = {http://CRAN.R-project.org/package=DBI},
}

@Manual{etl,
    title = {etl: Extract-Transfer-Load framework for medium data},
    author = {Ben Baumer and Carson Sievert},
    note = {R package version 0.1.1.9001},
    url = {http://github.com/beanumber/etl},
}
  
@article{RoadRunner,
  author = {Crescenzi, Valter and Mecca, Giansalvatore and Merialdo, Paolo},
  title = {{RoadRunner: Towards Automatic Data Extraction from Large Web Sites}},
  journal = {Proceedings of the th VLDB Conference},
  year = {2001},
  pages = {1--10},
  month = jun
}


@article{WADaR,
  author = {Ortona, Stefano and Orsi, Giorgio and Buoncristiano, Marcello and Furche  , Tim},
  title = {{WADaR: Joint Wrapper and Data Repair}},
  journal = {Proceedings of the VLDB Endowment},
  year = {2015},
  volume = {8},
  pages = {1--4},
  month = jun
}

@inproceedings{swartz,
  author = {Swartz, Aaron},
  title = {{Aaron Swartz{\textquoteright}s A Programmable Web: An Unfinished Work }}  ,
  booktitle = {Synthesis Lectures on the Semantic Web Theory and Technology},
  year = {2013},
  editor = {Ding, Ying and Hendler, James},
  pages = {1--66},
  month = mar
}

@BOOK{brown:06,
  author = {Adrian Brown},
  title = {Archiving Websites: A Practical Guide for Information Management Professionals},
  publisher = {Facet Publishing},
  year = 2006,
}

@article{Lin:2014,
  author = {Lin, Jimmy and Gholami, Milad and Rao, Jinfeng},
  title = {{Infrastructure for Supporting Exploration and Discovery in Web Archives}  },
  journal = {Proceedings of the 23rd International World Wide Web Conference   Companion},
  year = {2014},
  pages = {1--5},
  month = feb
}


@article{IFPS,
  author = {Benet, Juan},
  title = {{IPFS - Content Addressed, Versioned, P2P File System}},
  journal = {arXiv.org},
  year = {2014},
  eprint = {1407.3561},
  eprinttype = {arxiv},
  pages = {1--11},
  month = jul
}

@Manual{foreign,
    title = {foreign: Read Data Stored by Minitab, S, SAS, SPSS, Stata, Systat, Weka,
dBase, ...},
    author = {{R Core Team}},
    year = {2015},
    note = {R package version 0.8-66},
    url = {http://CRAN.R-project.org/package=foreign},
  }

@Manual{haven,
    title = {haven: Import SPSS, Stata and SAS Files},
    author = {Hadley Wickham and Evan Miller},
    year = {2015},
    note = {R package version 0.2.0},
    url = {http://CRAN.R-project.org/package=haven},
}

@Manual{rio,
    title = {rio: A Swiss-army knife for data file I/O},
    author = {Chung-hong Chan and Geoffrey CH Chan and Thomas J. Leeper},
    year = {2015},
    note = {R package version 0.2},
}

@article{Donoho:2009,
  author = {Donoho, David and Maleki, Arian and Rahman, Inam and Shahram, Morteza and Stodden, Victoria},
  title = {{15 Years of Reproducible Research in Computational Harmonic Analysis}},
  journal = {Computing in Science {\&} Engineering},
  year = {2009},
  volume = {11},
  number = {1},
  pages = {1--26},
  month = apr
}

@article{Drummond:2009,
  author = {Drummond, Chris},
  title = {{Replicability is not Reproducibility: Nor is it Good Science}},
  journal = {Proceedings of the Evaluation Methods for Machine Learning Workshop at the th ICML},
  year = {2009},
  pages = {1--4},
  month = apr
}

@article{Leisch:2002,
  author = {Leisch, Friedrich},
  title = {{Sweave: Dynamic Generation of Statistical Reports Using Literate Data Analysis}},
  journal = {Compstat  Proceed- ings in Computational Statistics},
  year = {2002},
  pages = {1--7},
  month = jun
}

@article{Rossini:2001,
  author = {Rossini, A J},
  title = {{Literate Statistical Practice}},
  journal = {Proceedings of the 2nd International Workshop on Distributed Statistical Computing},
  year = {2001},
  pages = {1--10},
  month = mar
}

@techreport{Stodden:2010,
  author = {Stodden, Victoria},
  title = {{The Scientific Method in Practice: Reproducibility in the Computational Sciences }},
  year = {2010},
  month = feb
}

@webpage{Broman:2015,
  author = {Broman, Karl},
  title = {{\textbf{Reproducibility is hard}}},
  url = {https://kbroman.wordpress.com/2015/09/09/reproducibility-is-hard/},
  year = {2015}
}

@article{Knuth:1992,
  author = {Knuth, Donald},
  title = {{Literate Programming}},
  journal = {Number 27 in CSLI Lecture Notes. Center for the Study of Language and Information},
  year = {1992},
  pages = {1--15},
  month = aug
}

@article{Gentleman:Lang,
  author = {Gentleman, Robert and Lang, Duncan Temple},
  title = {{Statistical Analyses and Reproducible Research }},
  journal = {Bioconductor Project Working Papers},
  year = {2004},
  pages = {1--38},
  month = nov
}

@Manual{rdom,
  title = {rdom: Access the DOM of a webpage as HTML using phantomjs},
  author = {Carson Sievert},
  note = {R package version 0.0.3},
  year = {2015},
  url = {https://github.com/cpsievert/rdom}
}

@Manual{XML,
  title = {XML: Tools for Parsing and Generating XML Within R and S-Plus},
  author = {Duncan Temple Lang and the CRAN Team},
  year = {2015},
  note = {R package version 3.98-1.3},
  url = {http://CRAN.R-project.org/package=XML},
}

@article{Unwin:2010,
  author = {Unwin, Antony},
  title = {{Datasets on the web: a resource for teaching Statistics?}},
  journal = {MSOR Connections},
  year = {2010},
  pages = {1--4},
  month = nov
}

@Manual{RSelenium,
    title = {RSelenium: R bindings for Selenium WebDriver.},
    author = {John Harrison},
    year = {2014},
    note = {R package version 1.3.5},
    url = {http://CRAN.R-project.org/package=RSelenium},
}

@Manual{htmlwidgets,
    title = {htmlwidgets: HTML Widgets for R},
    author = {Ramnath Vaidyanathan and Yihui Xie and JJ Allaire and Joe Cheng and Kenton Russell},
    year = {2015},
    note = {R package version 0.5},
    url = {http://CRAN.R-project.org/package=htmlwidgets},
}

@Manual{plotly,
    title = {plotly: Create interactive web-based graphs via plotly's API},
    author = {Carson Sievert and Chris Parmer and Toby Hocking and Scott Chamberlain and Karthik Ram and Marianne Corvellec and Pedro Despouy},
    note = {R package version 1.1.0},
    url = {https://github.com/ropensci/plotly},
}

@inproceedings{visPrinciples,
  author = {Munzner, Tamara},
  title = {{Principles and design choices}},
  booktitle = {IEEE VIS },
  year = {2015},
  pages = {1--15},
  month = oct
}

@misc{pipelines,
  title = {Pipelines for Data Analysis},
  author = {Hadley Wickham},
  url = {http://bids.berkeley.edu/resources/videos/pipelines-data-analysis},
  year = {2015}
}

@Manual{ggvis,
    title = {ggvis: Interactive Grammar of Graphics},
    author = {Winston Chang and Hadley Wickham},
    year = {2015},
    note = {R package version 0.4.2},
    url = {http://CRAN.R-project.org/package=ggvis},
}

@Article{openWAR,
    title = {{openWAR}: An Open Source System for Overall Player Performance in Major League Baseball},
    author = {Benjamin S. Baumer and Shane T. Jensen and Gregory J. Matthews},
    journal = {Journal of Quantitative Analysis in Sports},
    year = {2015},
    volume = {11},
    number = {2},
    url = {http://arxiv.org/abs/1312.7158},
}

@Manual{Sxslt,
    title = {Sxslt: R interface to libxslt},
    author = {Duncan Temple Lang},
    note = {R package version 0.91-3},
    url = {http://www.omegahat.org/Sxslt, http://www.omegahat.org},
}

@Manual{shiny,
    title = {shiny: Web Application Framework for R},
    author = {Winston Chang and Joe Cheng and JJ Allaire and Yihui Xie and Jonathan McPherson},
    year = {2015},
    note = {R package version 0.12.2},
    url = {http://CRAN.R-project.org/package=shiny},
}

@Article{RGtk2,
    title = {{RGtk2}: A Graphical User Interface Toolkit for {R}},
    author = {Michael Lawrence and Duncan {Temple Lang}},
    journal = {Journal of Statistical Software},
    year = {2010},
    volume = {37},
    number = {8},
    pages = {1--52},
    url = {http://www.jstatsoft.org/v37/i08/},
}

@Manual{rJava,
    title = {rJava: Low-Level R to Java Interface},
    author = {Simon Urbanek},
    year = {2015},
    note = {R package version 0.9-7},
    url = {http://CRAN.R-project.org/package=rJava},
}

@Article{swayne-klinke,
  title = "Introduction to the special issue on interactive graphical data analysis: What is interaction?",
  author = {Deborah F. Swayne and Sigbert Klinke},
  journal = {Computational Statistics},
  year = {1999},
  volume = {14},
  number = {1}
}

@article{Wilhelm:2003ei,
  author = {Wilhelm, Adalbert},
  title = {{User interaction at various levels of data displays}},
  journal = {Computational Statistics {\&} Data Analysis},
  year = {2003},
  volume = {43},
  number = {4},
  pages = {471--494},
  month = aug
}

@BOOK{EDA,
  author = {John W. Tukey},
  title = {Exploratory Data Analysis},
  publisher = {Pearson},
  year = 1977
}

@article{Unwin:2003uy,
  author = {Unwin, Antony and Volinsky, Chris and Winkler, Sylvia},
  title = {{Parallel Coordinates for Exploratory Modelling Analysis}},
  journal = {Computational Statistics {\&} Data Analysis},
  year = {2003},
  volume = {43},
  number = {4},
  pages = {553--564},
  month = jul
}

@article{Wickham:2015ur,
  author = {Wickham, Hadley and Cook, Dianne and Hofmann, Heike},
  title = {{VISUALIZING STATISTICAL MODELS: REMOVING THE BLINDFOLD }},
  journal = {Statistical Analysis and Data Mining The ASA Data Science Journal},
  year = {2015},
  volume = {8},
  number = {4},
  pages = {203--225}
}

@article{Gelman:2015wi,
  author = {Gelman, Andrew},
  title = {{Exploratory data analysis for complex models}},
  journal = {Journal of Computational and Graphical Statistics},
  year = {2015},
  pages = {1--29},
  month = feb
}

@article{Gelman:2013et,
  author = {Gelman, Andrew and Unwin, Antony},
  title = {{Infovis and Statistical Graphics: Different Goals, Different Looks}},
  journal = {Journal of Computational and Graphical Statistics},
  year = {2013},
  volume = {22},
  number = {1},
  pages = {2--28},
  month = jan
}

@article{Unwin:1999vp,
  author = {Unwin, Antony and Hofmann, Heike},
  title = {{GUI and Command-line - Conflict or Synergy?}},
  journal = {Proceedings of the st Symposium on the Interface},
  year = {2009},
  pages = {1--11},
  month = sep
}


@article{S:1978,
  author = {R. A. Becker and J. M. Chambers},
  title = {Design and Implementation of the 'S' System for Interactive Data Analysis},
  journal = {Proceedings of COMPSAC},
  year = {1978},
  pages = {626-629}
}

@book{Tognazzini:1992,
 author = {Tognazzini, Bruce},
 title = {TOG on Interface},
 year = {1992},
 isbn = {0201608421},
 publisher = {Addison-Wesley Longman Publishing Co., Inc.},
 address = {Boston, MA, USA},
} 

@unpublished{Donoho:2015tu,
  author = {Donoho, David},
  title = {{50 years of Data Science}},
  month = oct,
  year = {2015},
  url = {https://dl.dropboxusercontent.com/u/23421017/50YearsDataScience.pdf}
}

@BOOK{Rcpp,
  author = {Dirk Eddelbuettel},
  title = {Seamless R and C++ Integration with Rcpp},
  publisher = {Springer, New York},
  isbn = {978-1-4614-6867-7},
  year = {2013}
}

@article{RcppJSS,
  author = {Dirk Eddelbuettel and Romain Francois},
  title = {Rcpp: Seamless R and C++ Integration},
  journal = {Journal of Statistical Software},
  volume = {40},
  issue = {8},
  pages = {1-18},
  year = {2011},
  url = {http://www.jstatsoft.org/v40/i08/}
}

@incollection{Wilhelm:2008jb,
  author = {Wilhelm, Adalbert},
  title = {{Linked Views for Visual Exploration}},
  booktitle = {Handbook of Data Visualization},
  year = {2008},
  pages = {199--215},
  publisher = {Springer Berlin Heidelberg},
  address = {Berlin, Heidelberg}
}

@Manual{rJava,
    title = {rJava: Low-Level R to Java Interface},
    author = {Simon Urbanek},
    year = {2015},
    note = {R package version 0.9-7},
    url = {http://CRAN.R-project.org/package=rJava}
}

@Manual{rPython,
    title = {rPython: Package Allowing R to Call Python},
    author = {Carlos J. Gil Bellosta},
    year = {2015},
    note = {R package version 0.0-6},
    url = {http://CRAN.R-project.org/package=rPython},
}

@article{Connections,
  author = {Ripley, Brian D},
  title = {{Connections}},
  journal = {R News},
  year = {2001},
  volume = {1},
  number = {1},
  pages = {1--32},
  month = jul
}

@Manual{RJSONIO,
    title = {RJSONIO: Serialize R objects to JSON, JavaScript Object Notation},
    author = {Duncan Temple Lang},
    year = {2014},
    note = {R package version 1.3-0},
    url = {http://CRAN.R-project.org/package=RJSONIO},
}

@Manual{curl,
    title = {curl: A Modern and Flexible Web Client for R},
    author = {Jeroen Ooms},
    year = {2015},
    note = {R package version 0.9.3},
    url = {http://CRAN.R-project.org/package=curl},
}

@Manual{xml2,
    title = {xml2: Parse XML},
    author = {Hadley Wickham},
    year = {2015},
    note = {R package version 0.1.2},
    url = {http://CRAN.R-project.org/package=xml2},
}

@Manual{httr,
    title = {httr: Tools for Working with URLs and HTTP},
    author = {Hadley Wickham},
    year = {2015},
    note = {R package version 1.0.0},
    url = {http://CRAN.R-project.org/package=httr},
}

@Manual{rvest,
    title = {rvest: Easily Harvest (Scrape) Web Pages},
    author = {Hadley Wickham},
    year = {2015},
    note = {R package version 0.3.1},
    url = {http://CRAN.R-project.org/package=rvest},
}

@Article{jsonlite,
    title = {The jsonlite Package: A Practical and Consistent Mapping Between JSON Data and R Objects},
    author = {Jeroen Ooms},
    journal = {arXiv:1403.2805 [stat.CO]},
    year = {2014},
    url = {http://arxiv.org/abs/1403.2805},
}

@Manual{devtools,
    title = {devtools: Tools to Make Developing R Packages Easier},
    author = {Hadley Wickham and Winston Chang},
    year = {2015},
    note = {R package version 1.9.1},
    url = {http://CRAN.R-project.org/package=devtools},
}

@Manual{analogsea,
    title = {analogsea: Interface to 'Digital Ocean'},
    author = {Scott Chamberlain and Hadley Wickham and Winston Chang},
    year = {2015},
    note = {R package version 0.3.0},
    url = {http://CRAN.R-project.org/package=analogsea},
}

@article{Lang:2006us,
  author = {Lang, Duncan Temple},
  title = {{R as a Web Client {\textendash} the RCurl package }},
  journal = {Journal of Statistical Software},
  year = {2006},
  pages = {1--42},
  month = jul
}

@Manual{dplyr,
    title = {dplyr: A Grammar of Data Manipulation},
    author = {Hadley Wickham and Romain Francois},
    year = {2015},
    note = {R package version 0.4.3},
    url = {http://CRAN.R-project.org/package=dplyr},
}

@phdthesis{REST,
  author = {Roy Thomas Fielding},
  title = {Architectural Styles and the Design of Network-based Software Architectures},
  year = {2000},
  url = {https://www.ics.uci.edu/~fielding/pubs/dissertation/top.htm}
}

@website{readme,
  author = {Tom Preston-Werner},
  title = {Readme Driven Development},
  year = {2010},
  url = {http://tom.preston-werner.com/2010/08/23/readme-driven-development.html}
}

@incollection{S3,
  author     = {John Chambers},
  title      = {Classes and methods: object-oriented programming in S},
  editor     = {J. M. Chambers and T. J. Hastie},
  booktitle  = {Statistical Models in S},
  publisher  =  {Wadsworth & Brooks/Cole},
  year       = {1992},
}

@Manual{bbscrapeR,
    title = {bbscrapeR: Tools for collecting basketball data from nba.com and wnba.com},
    author = {Carson Sievert},
    year = {2014},
    note = {R package version 0.5},
    url = {https://github.com/cpsievert/bbscrapeR}
}

@Manual{JGR,
    title = {JGR: JGR - Java GUI for R},
    author = {Markus Helbig and Simon Urbanek and Ian Fellows},
    year = {2013},
    note = {R package version 1.7-16},
    url = {http://CRAN.R-project.org/package=JGR},
}

@Manual{FastRWeb,
    title = {FastRWeb: Fast Interactive Framework for Web Scripting Using R},
    author = {Simon Urbanek and Jeffrey Horner},
    year = {2015},
    note = {R package version 1.1-1},
    url = {http://CRAN.R-project.org/package=FastRWeb},
}


@article{Hutchins:1985wu,
  author = {Hutchins, Edwin L and Hollan, James D and Norman, Donald A},
  title = {{Direct Manipulation Interfaces}},
  journal = {HUMAN-COMPUTER INTERACTION},
  year = {1985},
  volume = {1},
  pages = {311--338},
  month = jan
}

@Book{ggplot2,
    author = {Hadley Wickham},
    title = {ggplot2: elegant graphics for data analysis},
    publisher = {Springer New York},
    year = {2009},
    isbn = {978-0-387-98140-6},
    url = {http://had.co.nz/ggplot2/book},
}

@article{xgobi,
  author = {Swayne, Deborah F and Cook, Dianne and Buja, Andreas},
  title = {{XGobi: Interactive Dynamic Data Visualization in the X Window System}},
  journal = {Journal of Computational and Graphical Statistics},
  year = {1998},
  volume = {7},
  number = {1},
  pages = {113--130},
  month = mar
}

@article{Ripley:2004,
  author = {Ripley, Brian D},
  title = {{Selecting Amongst Large Classes of Models}},
  journal = {Symposium in Honour of David Coxs 80th birthday},
  year = {2004},
}

@article{Wickham:2007wq,
  author = {Wickham, Hadley},
  title = {{Meifly: Models explored interactively}},
  journal = {Website ASA sections on statistical computing and graphics (Student Paper   Award Winner)},
  year = {2007}
}

@phdthesis{Urbanek:2004,
  author = {Simon Urbanek},
  title = {Model selection and comparison using interactive graphics},
  year = {2004}
}

@incollection{Unwin:2006,
  author = {Antony Unwin},
  title = {Exploratory modelling analysis: visualizing the value of variables},
  booktitle = {Compstat 2006 - Proceedings in Computational Statistics},
  editor = {Rizzi, Alfredo and Vichi, Maurizio},
  url = {http://dx.doi.org/10.1007/978-3-7908-1709-6_17},
  publisher = {Physica-Verlag HD},
  isbn = {978-3-7908-1708-9},
  pages = {221-230},
  year = {2006}
}


@article{Berk:2013ic,
  author = {Berk, Richard and Brown, Lawrence and Buja, Andreas and Zhang, Kai and Zhao,   Linda},
  title = {{Valid post-selection inference}},
  journal = {The Annals of Statistics},
  year = {2013},
  volume = {41},
  number = {2},
  pages = {802--837},
  month = apr
}

@article{Majumder:2013ie,
  author = {Majumder, Mahbubul and Hofmann, Heike and Cook, Dianne},
  title = {{Validation of Visual Statistical Inference, Applied to Linear Models}},
  journal = {Journal of the American Statistical Association},
  year = {2013},
  volume = {108},
  number = {503},
  pages = {942--956},
  month = sep
}

@article{Buja:2009hp,
  author = {Buja, Andreas and Cook, Dianne and Hofmann, Heike and Lawrence, Michael and Lee, Eun-Kyung and Swayne, Deborah F and Wickham, Hadley},
  title = {{Statistical inference for exploratory data analysis and model diagnostics}},
  journal = {Philosophical Transactions of the Royal Society A: Mathematical, Physical   and Engineering Sciences},
  year = {2009},
  volume = {367},
  number = {1906},
  pages = {4361--4383},
  month = oct
}


@BOOK{Urbanek:06,
  author = {Simon Urbanek},
  title = {Exploratory Model Analysis: An Interactive Graphical Framework for Model Comparison and Selection},
  publisher = {Books on Demand Gmbh},
  year = {2006},
  isbn = {3833460784}
}

@article{Xie:2014co,
  author = {Xie, Yihui and Hofmann, Heike and Cheng, Xiaoyue},
  title = {{Reactive Programming for Interactive Graphics}},
  journal = {Statistical Science},
  year = {2014},
  volume = {29},
  number = {2},
  pages = {201--213},
  month = may
}

@article{2009-protovis,
  title = {Protovis: A Graphical Toolkit for Visualization},
  author = {Michael Bostock AND Jeffrey Heer},
  journal = {IEEE Trans. Visualization \& Comp. Graphics (Proc. InfoVis)},
  year = {2009},
  url = {http://vis.stanford.edu/papers/protovis}
}

@Manual{svglite,
   title = {svglite: A SVG Graphics Device},
   author = {Hadley Wickham and T Jake Luciani and Matthieu Decorde and Vaudor Lise},
   note = {R package version 0.9.9.9000},
   url = {https://github.com/hadley/svglite},
}

@website{gridSVGreport,
  title = {A Structured Approach for Generating SVG},
  author = {Simon Potter and Paul Murrell},
  year = {2012},
  url = {https://www.stat.auckland.ac.nz/~paul/Reports/gridSVGviaXML/generating-svg.html}
}

@Manual{vdmR,
    title = {vdmR: Visual Data Mining Tools for R},
    author = {Tomokazu Fujino},
    year = {2015},
    note = {R package version 0.2.0},
    url = {http://CRAN.R-project.org/package=vdmR},
}

@Article{SVGAnnotation,
    title = {Interactive and Animated Scalable Vector Graphics and {R} Data Displays},
    author = {Deborah Nolan and Duncan Temple Lang},
    journal = {Journal of Statistical Software},
    year = {2012},
    volume = {46},
    number = {1},
    pages = {1--88},
    url = {http://www.jstatsoft.org/v46/i01/},
}

@inproceedings{2014-reactive-vega,
 title = {Declarative Interaction Design for Data Visualization},
 author = {Arvind Satyanarayan AND Kanit Wongsuphasawat AND Jeffrey Heer},
 booktitle = {ACM User Interface Software \& Technology (UIST)},
 year = {2014},
 url = {http://idl.cs.washington.edu/papers/reactive-vega},
}

@Manual{rCharts,
    title = {rCharts: Interactive Charts using Javascript Visualization Libraries},
    author = {Ramnath Vaidyanathan},
    year = {2013},
    note = {R package version 0.4.5},
    url = {https://github.com/ramnathv/rCharts/}
}

@Article{opencpu,
    title = {The OpenCPU System: Towards a Universal Interface for Scientific Computing through Separation of Concerns},
    author = {Jeroen Ooms},
    journal = {arXiv:1406.4806 [stat.CO]},
    year = {2014},
    url = {http://arxiv.org/abs/1406.4806},
}

@Manual{d3scatter,
    title = {d3scatter: Demo of d3 scatter plot; testbed for crosstalk library},
    author = {Joe Cheng},
    note = {R package version 0.1.0},
    url = {https://github.com/jcheng5/d3scatter}
}

@Manual{plotROC,
    title = {plotROC: Generate Useful ROC Curve Charts for Print and Interactive Use},
    author = {Michael C. Sachs},
    year = {2015},
    note = {R package version 1.3.3},
    url = {http://sachsmc.github.io/plotROC},
}
