@incollection{viewing-pipeline,
  author      = "Andreas Buja, Daniel Asimov, Catherine Hurley and John A. McDonald",
  title       = "Elements of a Viewing Pipeline for Data Analysis",
  editor      = "William S. Cleveland and Marylyn E. McGill",
  booktitle   = "Dynamic Graphics for Statistics",
  publisher   = "Wadsworth, Inc.",
  address     = "Belmont, California",
  year        = 1988,
}