@mastersthesis{struss,
     AUTHOR = "Joseph A. Struss",
     TITLE = "An investigation of the sequence of utilizing a simulation in an introductory programming course",
     SCHOOL = "Iowa State University",
     YEAR = 1996}
@book{bruner,
     AUTHOR = "J. Bruner",
     Title = "The process of education",
     PUBLISHER = {Random House},
     ADDRESS = {New York},
     YEAR = 1960}
@article{allen,
  author =       "B. S. Allen",
  title =        "System-assigned learning strategies and CBI",
  journal =      "Journal of Instructional Computing Research",
  year =         1984,
  volume =       1,
  number =       1,
  pages =        "3--18"}
@Article{cox,
  author =       "S.~R. Cox",
  title =        "Computer-assisted instruction and student performance in macroeconomic principles", 
  journal =      "The Journal of Economic Education",
  year =         1974,
  volume =       6,
  number=        1,
  pages =        "29--37"}



